@article{napoleon_pavalakodi_2011,
title={A New Method for Dimensionality Reduction Using KMeans Clustering Algorithm for High Dimensional Data Set},
volume={13},
url={http://www.ijcaonline.org/volume13/number7/pxc3872471.pdf},
DOI={10.5120/1789-2471},
number={7},
journal={International Journal of Computer Applications IJCA}, 
author={Napoleon, D. and Pavalakodi, S.},
year={2011},
month={Dec},
pages={41â€“46}
} 


@book{mackay_2003,
place={Cambridge, UK},
title={Information theory, inference, and learning algorithms}, 
publisher={Cambridge University Press},
author={MacKay, David J. C.},
year={2003},
chapters={20},
pages={284-292}
}

@article{saseguide,
place={Cary, NC},
title={SAS Enterprise guide},
publisher={SAS Institute Inc.}, 
author={SAS Institute Inc.},
year={2013}
}

@article{plotly,
place={Montreal, Quebec},
title={Plot.ly},
author={Plotly},
year={2016}
}